
@PhdThesis{Benante2008phd,
author = {Dan Gookim},
title = {Programmer's Guide to Ncurses},
address = {Indianapolis},
year = {2007},
pages = {556}
}
