@book{gookin2007programmer,
author = {Dan Gookin},
title = {Programmer's Guide to Ncurses},
address = {Indianapolis},
year = {2007},
pages = {556}
}

@article{dencurses,
  title={ncurses},
  author={de Claro February, Elaine and Galang, Mico and Yu, Mr William and Mesina, Fina and Rebong, Athena and Talamayan, Kenneth},
  publisher={Citeseer}
}

@misc{padala2006ncurses,
  title={Ncurses Programming How To},
  author={Padala, Pradeep},
  year={2006}
}
